@article{foschini96,
author="Gerard J Foschini",
title="Layered space-time architecture for wireless communications in a fading environment when using multi-element antennas",
journal="Bell Labs Technical Journal",
year="1996",
volume="1",
number="2",
pages="41--59"
}

@article{tarokh98,
author="V Tarokh and N Seshadri and A R Calderbank",
title="Space-time codes for high data rate wireless communication: performance analysis and code construction",
journal="IEEE Trans.\ Inf.\ Theory",
year="1998",
volume="44",
number="2",
pages="744--765"
}

@article{alamouti98,
author="S M Alamouti",
title="A simple transmit diversity technique for wireless communications",
journal="IEEE J.\ Sel.\ Areas Commun.",
year="1998",
volume="16",
number="8",
pages="1451--1458"
}

@article{caire03,
author="G Caire and S Shamai",
title="On the achievable throughput of a multi-antenna {Gaussian} broadcast channel",
journal="IEEE Trans.\ Inf.\ Theory",
year="2003",
volume="49",
number="7",
pages="1691--1706"
}

@article{weingarten06,
author="H Weingarten and Y Steinberg and S Shamai",
title="The capacity region of the {Gaussian} multiple-input multiple-output broadcast channel",
journal="IEEE Trans.\ Inf.\ Theory",
year="2006",
volume="52",
number="9",
pages="3936--3964"
}

@article{tarokh99,
author="V Tarokh and H Jafarkhani and A R Calderbank",
title="Space-time block codes from orthogonal designs",
journal="IEEE Trans.\ Inf.\ Theory",
year="1999",
volume="45",
number="5",
pages="1456--1458"
}

@article{wang00,
author="Zhendao Wang and G B Giannakis",
title="Wireless multicarrier communications",
journal="IEEE Signal Processing Mag.",
year="2000",
volume="17",
number="3",
pages="29--48"
}

@article{wang04,
author="Zhengdao Wang and Xiaoli Ma and G B Giannakis",
title="{OFDM} or single-carrier block transmissions?",
journal="IEEE Trans.\ Commun.",
year="2004",
volume="52",
number="3",
pages="380--394"
}